@article{wysoski2008fast,
  title={Fast and adaptive network of spiking neurons for multi-view visual pattern recognition},
  author={Wysoski, Simei Gomes and Benuskova, Lubica and Kasabov, Nikola},
  journal={Neurocomputing},
  volume={71},
  number={13},
  pages={2563--2575},
  year={2008},
  publisher={Elsevier}
}
